%% This BibTeX bibliography file was created using BibDesk.
%% https://bibdesk.sourceforge.io/

%% Created for 林荣彬 at 2019-04-11 21:14:41 +0800 


%% Saved with string encoding Unicode (UTF-8) 



@book{cormen2009introduction,
	Author = {Cormen, Thomas H and Leiserson, Charles E and Rivest, Ronald L and Stein, Clifford},
	Date-Added = {2019-04-11 13:13:18 +0000},
	Date-Modified = {2019-04-11 13:13:18 +0000},
	Publisher = {MIT press},
	Title = {Introduction to algorithms},
	Year = {2009}}
